<collection xmlns="http://www.loc.gov/MARC21/slim">
<record>
  <leader>01735nam0a22003131i 450 </leader>
  <controlfield tag="001">IT\ICCU\CNCE\060941</controlfield>
  <controlfield tag="005">20080317000000.0</controlfield>
  <datafield tag="012" ind1=" " ind2=" ">
    <subfield code="a">emed emi- ijun ueiu (C) 1575 (Q)</subfield>
    <subfield code="2">fei</subfield>
  </datafield>
  <datafield tag="100" ind1=" " ind2=" ">
    <subfield code="a">20050808f1575        0itac0103    ba</subfield>
  </datafield>
  <datafield tag="101" ind1=" " ind2=" ">
    <subfield code="a">LAT</subfield>
  </datafield>
  <datafield tag="102" ind1=" " ind2=" ">
    <subfield code="a">IT</subfield>
  </datafield>
  <datafield tag="200" ind1="1" ind2=" ">
    <subfield code="a">℗Alexandri Raudensis iuriscon. ℗Oratio habita ad Senatum vtrunque magistratum collegiumq. Mediolanen. in cooptatione Ioan. Baptistae Castellionei. XV kal. decembr. anno MDLXXV</subfield>
  </datafield>
  <datafield tag="210" ind1=" " ind2=" ">
    <subfield code="a">Mediolani</subfield>
    <subfield code="c">apud Paulum Gottardum Pontium</subfield>
    <subfield code="d">\1575!</subfield>
  </datafield>
  <datafield tag="215" ind1=" " ind2=" ">
    <subfield code="a">\12! c.</subfield>
    <subfield code="d">4ʻ</subfield>
  </datafield>
  <datafield tag="620" ind1=" " ind2=" ">
    <subfield code="a">IT</subfield>
    <subfield code="d">Milano</subfield>
  </datafield>
  <datafield tag="700" ind1=" " ind2="1">
    <subfield code="a">Rho,</subfield>
    <subfield code="b">Alessandro</subfield>
    <subfield code="3">IT\ICCU\CNCA\008099</subfield>
  </datafield>
  <datafield tag="712" ind1="0" ind2="0">
    <subfield code="a">Da_Ponte, Paolo Gottardo</subfield>
    <subfield code="3">IT\ICCU\CNCT\001755</subfield>
    <subfield code="4">650</subfield>
  </datafield>
  <datafield tag="790" ind1=" " ind2="1">
    <subfield code="a">Raudensis,</subfield>
    <subfield code="b">Alexander</subfield>
    <subfield code="3">IT\ICCU\CNCA\007144</subfield>
    <subfield code="z">Rho, Alessandro</subfield>
  </datafield>
  <datafield tag="791" ind1="0" ind2="0">
    <subfield code="a">Pontius, Paulus Gottardus</subfield>
    <subfield code="3">IT\ICCU\CNCT\003718</subfield>
    <subfield code="z">Da_Ponte, Paolo Gottardo</subfield>
  </datafield>
  <datafield tag="791" ind1="0" ind2="0">
    <subfield code="a">Ponte, Paolo Gottardo da</subfield>
    <subfield code="3">IT\ICCU\CNCT\003719</subfield>
    <subfield code="z">Da_Ponte, Paolo Gottardo</subfield>
  </datafield>
  <datafield tag="791" ind1="0" ind2="0">
    <subfield code="a">Pontio, Paolo Gottardo</subfield>
    <subfield code="3">IT\ICCU\CNCT\004498</subfield>
    <subfield code="z">Da_Ponte, Paolo Gottardo</subfield>
  </datafield>
  <datafield tag="791" ind1="0" ind2="0">
    <subfield code="a">Ponzio, Paolo Gottardo</subfield>
    <subfield code="3">IT\ICCU\CNCT\004500</subfield>
    <subfield code="z">Da_Ponte, Paolo Gottardo</subfield>
  </datafield>
  <datafield tag="791" ind1="0" ind2="0">
    <subfield code="a">Poncio, Pablo Gotardo</subfield>
    <subfield code="3">IT\ICCU\CNCT\004501</subfield>
    <subfield code="z">Da_Ponte, Paolo Gottardo</subfield>
  </datafield>
  <datafield tag="801" ind1=" " ind2="3">
    <subfield code="a">IT</subfield>
    <subfield code="b">ICCU</subfield>
    <subfield code="c">20201115</subfield>
  </datafield>
  <datafield tag="899" ind1=" " ind2=" ">
    <subfield code="a">Biblioteca Apostolica Vaticana. Citt ̉del Vaticano</subfield>
    <subfield code="1">EX0001</subfield>
    <subfield code="2">ZCV 01</subfield>
  </datafield>
  <datafield tag="899" ind1=" " ind2=" ">
    <subfield code="a">Archivio storico civico e Biblioteca Trivulziana. Milano</subfield>
    <subfield code="1">MI0327</subfield>
    <subfield code="2">LO1 13</subfield>
  </datafield>
  <datafield tag="899" ind1=" " ind2=" ">
    <subfield code="a">Biblioteca universitaria. Pavia</subfield>
    <subfield code="1">PV0291</subfield>
    <subfield code="2">MIL UP</subfield>
  </datafield>
  <datafield tag="911" ind1=" " ind2=" ">
    <subfield code="a">Sul front.</subfield>
    <subfield code="9">IT\ICCU\CNCM\000332</subfield>
  </datafield>
  <datafield tag="921" ind1=" " ind2=" ">
    <subfield code="a">IT\ICCU\CNCM\000332</subfield>
    <subfield code="b">Fortezza (donna in piedi tiene sotto il braccio destro una colonna spezzata). In cornice ovale.</subfield>
    <subfield code="e">Fortitudo mea dominus.</subfield>
    <subfield code="c">Q18</subfield>
    <subfield code="c">Z566</subfield>
    <subfield code="d">Dimensioni: 5,2 x 6</subfield>
    <subfield code="f">COLONNA</subfield>
    <subfield code="f">DONNA</subfield>
    <subfield code="f">FORTEZZA</subfield>
    <subfield code="f">FORTITUDOM</subfield>
    <subfield code="g">1550-1595</subfield>
  </datafield>
</record>
</collection>
